<?xml version="1.0" encoding="UTF-8"?><collection xmlns="http://www.loc.gov/MARC21/slim"><record><leader>00346nam--2200121-i-4500</leader><controlfield tag="001">000018176</controlfield><controlfield tag="002">20161230</controlfield><controlfield tag="005">20161230201032</controlfield><controlfield tag="008">060222s1000------------r-----000-0-eng-d</controlfield><datafield ind1=" " ind2=" " tag="080"><subfield code="a">12420</subfield></datafield><datafield ind1=" " ind2=" " tag="100"><subfield code="a">Farrington, G.H</subfield></datafield><datafield ind1=" " ind2=" " tag="245"><subfield code="a">Fundamentals of automatic control. 2-nd printing with revisions</subfield></datafield><datafield ind1=" " ind2=" " tag="260"><subfield code="a">London, Chapman &amp; Hall Ltd., 1957. Xiv + 287 P</subfield></datafield></record></collection>